@book{Mahajan2011_ape3,
author = {V. N. Mahajan},
booktitle = {SPIE Press},
edition = {2nd},
publisher = {SPIE Press},
title = {{Aberration theory made simple}},
year = {2011}
}
@book{schmidt2010_ape3,
author = {J. D. Schmidt},
booktitle = {SPIE Press},
edition = {1st},
publisher = {SPIE Press},
title = {{Numerical Simulation of Optical Wave Propagation}},
year = {2010}
}
@book{dai2008_ape3,
author = {G. Ming Dai},
booktitle = {SPIE Press},
edition = {1st},
publisher = {SPIE Press},
title = {{Wavefront Optics for Vision Correction}},
year = {2008}
}
@article{Noll1976_ape3,
   author =  {R. Noll},
   title =  {Zernike polynomials and atmospheric turbulence},
   journal = {Journal of the Optical Society of America},
   year = {1976},
   volume = {66},
   pages = {207}
   } 

