%% This BibTeX bibliography file was created using BibDesk.
%% http://bibdesk.sourceforge.net/


%% Created for Santiago at 2015-05-04 20:08:16 -0500 


%% Saved with string encoding Unicode (UTF-8) 



@article{Moreno2008,
	Abstract = {We apply the polar decomposition of the Mueller matrix describing a liquid-crystal-on-silicon display to iden- tify the diattenuator, depolarizer, and retarder contributions as a function of the gray level. The retarder contribution is expressed in terms of the equivalent Jones matrix to apply previous techniques to evaluate the phase modulation. This allows searching for optimized polarization configurations for phase- or amplitude-only modulation responses. We present results for 􏰀=633nm showing a phase-only modulation up to 2􏰁 rad and flat intensity modulation.},
	Author = {Moreno, Ignacio and {A. Lizana} and {J. Campos}},
	Date = {2008},
	Date-Added = {2015-05-05 01:08:04 +0000},
	Date-Modified = {2015-05-05 01:08:04 +0000},
	File = {Moreno et al_2008_Combined Mueller and Jones matrix method for the evaluation of the complex.pdf:/Users/Santiago/Documents/Zotero_attachments//undefined/2008/Moreno et al_2008_Combined Mueller and Jones matrix method for the evaluation of the complex.pdf:application/pdf;Moreno et al_2008_Combined Mueller and Jones matrix method for the evaluation of the complex.pdf:/Users/Santiago/Documents/Zotero_attachments//undefined/2008/Moreno et al_2008_Combined Mueller and Jones matrix method for the evaluation of the complex2.pdf:application/pdf},
	Options = {useprefix},
	Timestamp = {2015-04-08 21:55:04},
	Title = {Combined Mueller and Jones matrix method for the evaluation of the complex modulation in a liquid-crystal-on-silicon display.pdf}}

@article{Grier2003,
	Author = {Grier, David G.},
	Doi = {10.1038/nature01935},
	File = {Nature Volume 424 issue 6950 2003 [doi 10.1038%2Fnature01935] Grier, David G. -- A revolution in optical manipulation.pdf:/Users/Santiago/Library/Application Support/Zotero/Profiles/ybv78mdi.default/zotero/storage/57ZUA9HJ/Nature Volume 424 issue 6950 2003 [doi 10.1038%2Fnature01935] Grier, David G. -- A revolution in optical manipulation.pdf:application/pdf;Nature Volume 424 issue 6950 2003 [doi 10.1038%2Fnature01935] Grier, David G. -- A revolution in optical manipulation.pdf:/Users/Santiago/Library/Application Support/Zotero/Profiles/ybv78mdi.default/zotero/storage/UJHFN79I/Nature Volume 424 issue 6950 2003 [doi 10.1038%2Fnature01935] Grier, David G. -- A revolution in optical manipulation.pdf:application/pdf},
	Journal = {Nature},
	Number = {6950},
	Pages = {810--816},
	Timestamp = {2015-04-09 16:54:43},
	Title = {A revolution in optical manipulation},
	Urldate = {2014-02-22},
	Volume = {424},
	Year = {2003},
	Bdsk-Url-1 = {http://dx.doi.org/10.1038/nature01935}}

@article{Ma2010,
	Author = {Ma, Baiheng and Yao, Baoli and Ye, Tong and Lei, Ming},
	Doi = {10.1063/1.3361238},
	File = {Ma et al_2010_Prediction of optical modulation properties of twisted-nematic liquid-crystal.pdf:/Users/Santiago/Documents/Zotero_attachments//Journal of Applied Physics/2010/Ma et al_2010_Prediction of optical modulation properties of twisted-nematic liquid-crystal.pdf:application/pdf},
	Issn = {00218979},
	Journal = {Journal of Applied Physics},
	Number = {7},
	Pages = {073107},
	Timestamp = {2015-04-10 19:32:31},
	Title = {Prediction of optical modulation properties of twisted-nematic liquid-crystal display by improved measurement of Jones matrix},
	Urldate = {2014-02-22},
	Volume = {107},
	Year = {2010},
	Bdsk-Url-1 = {http://dx.doi.org/10.1063/1.3361238}}

@article{Ma2011,
	Author = {Ma, Baiheng and Yao, Baoli and Li, Ze and Ye, Tong},
	Doi = {10.1364/AO.50.002588},
	File = {Ma et al_2011_Improvement of the performance of the twisted-nematic liquid-crystal display as.pdf:/Users/Santiago/Documents/Zotero_attachments//Applied optics/2011/Ma et al_2011_Improvement of the performance of the twisted-nematic liquid-crystal display as.pdf:application/pdf},
	Journal = {Applied optics},
	Number = {17},
	Pages = {2588--2593},
	Timestamp = {2015-04-10 19:32:21},
	Title = {Improvement of the performance of the twisted-nematic liquid-crystal display as a phase modulator},
	Urldate = {2014-02-22},
	Volume = {50},
	Year = {2011},
	Bdsk-Url-1 = {http://dx.doi.org/10.1364/AO.50.002588}}

@article{Mahmud2008,
	Author = {Mahmud, Mohammad Sultan and Naydenova, Izabela and Toal, Vincent},
	Doi = {10.1088/1464-4258/10/8/085007},
	File = {Implementation of phase-only modulation utilizing a twisted nematic liquid crystal spatial light modulator.pdf:/Users/Santiago/Library/Application Support/Zotero/Profiles/ybv78mdi.default/zotero/storage/RKEICM9W/Implementation of phase-only modulation utilizing a twisted nematic liquid crystal spatial light modulator.pdf:application/pdf;Implementation of phase-only modulation utilizing a twisted nematic liquid crystal spatial light modulator.pdf:/Users/Santiago/Library/Application Support/Zotero/Profiles/ybv78mdi.default/zotero/storage/XE9TWNKI/Implementation of phase-only modulation utilizing a twisted nematic liquid crystal spatial light modulator.pdf:application/pdf;Implementation of phase-only modulation utilizing a twisted nematic liquid crystal spatial light modulator.pdf:/Users/Santiago/Library/Application Support/Zotero/Profiles/ybv78mdi.default/zotero/storage/HUDZ46C5/Implementation of phase-only modulation utilizing a twisted nematic liquid crystal spatial light modulator.pdf:application/pdf;Implementation of phase-only modulation utilizing a twisted nematic liquid crystal spatial light modulator.pdf:/Users/Santiago/Library/Application Support/Zotero/Profiles/ybv78mdi.default/zotero/storage/FNV8T2UJ/Implementation of phase-only modulation utilizing a twisted nematic liquid crystal spatial light modulator.pdf:application/pdf},
	Issn = {1464-4258, 1741-3567},
	Journal = {Journal of Optics A: Pure and Applied Optics},
	Month = aug,
	Number = {8},
	Pages = {085007},
	Timestamp = {2015-04-08 21:52:45},
	Title = {Implementation of phase-only modulation utilizing a twisted nematic liquid crystal spatial light modulator},
	Urldate = {2014-02-22},
	Volume = {10},
	Year = {2008},
	Bdsk-Url-1 = {http://dx.doi.org/10.1088/1464-4258/10/8/085007}}

@article{Moreno2003,
	Author = {Moreno, I. and Vela\'squez, P. and Ferna\'ndez-Pousa, C. R. and Sa\'nchez-Lo\'pez, M. M. and Mateos, F.},
	Doi = {10.1063/1.1601688},
	File = {Moreno et al_2003_Jones matrix method for predicting and optimizing the optical modulation.pdf:/Users/Santiago/Documents/Zotero_attachments//Journal of Applied Physics/2003/Moreno et al_2003_Jones matrix method for predicting and optimizing the optical modulation.pdf:application/pdf},
	Issn = {00218979},
	Journal = {Journal of Applied Physics},
	Number = {6},
	Pages = {3697},
	Timestamp = {2015-04-10 18:46:31},
	Title = {Jones matrix method for predicting and optimizing the optical modulation properties of a liquid-crystal display},
	Urldate = {2014-02-22},
	Volume = {94},
	Year = {2003},
	Bdsk-Url-1 = {http://dx.doi.org/10.1063/1.1601688}}

@article{Konforti1988,
	Author = {Konforti, Naim and Wu, S.-T. and Marom, E.},
	Doi = {10.1364/OL.13.000251},
	File = {Optics Letters Volume 13 issue 3 1988 [doi 10.1364%2FOL.13.000251] Konforti, N.\; Marom, E.\; Wu, S.-T. -- Phase-only modulation with twisted nematic liquid-crys (1).pdf:/Users/Santiago/Library/Application Support/Zotero/Profiles/ybv78mdi.default/zotero/storage/VBSI252K/Optics Letters Volume 13 issue 3 1988 [doi 10.1364%2FOL.13.000251] Konforti, N.\; Marom, E.\; Wu, S.-T. -- Phase-only modulation with twisted nemat.pdf:application/pdf;Optics Letters Volume 13 issue 3 1988 [doi 10.1364%2FOL.13.000251] Konforti, N.\; Marom, E.\; Wu, S.-T. -- Phase-only modulation with twisted nematic liquid-crys (1).pdf:/Users/Santiago/Library/Application Support/Zotero/Profiles/ybv78mdi.default/zotero/storage/AHR7KHV6/Optics Letters Volume 13 issue 3 1988 [doi 10.1364%2FOL.13.000251] Konforti, N.\; Marom, E.\; Wu, S.-T. -- Phase-only modulation with twisted nemat.pdf:application/pdf;Optics Letters Volume 13 issue 3 1988 [doi 10.1364%2FOL.13.000251] Konforti, N.\; Marom, E.\; Wu, S.-T. -- Phase-only modulation with twisted nematic liquid-crys (1).pdf:/Users/Santiago/Library/Application Support/Zotero/Profiles/ybv78mdi.default/zotero/storage/MEG3SUPN/Optics Letters Volume 13 issue 3 1988 [doi 10.1364%2FOL.13.000251] Konforti, N.\; Marom, E.\; Wu, S.-T. -- Phase-only modulation with twisted nemat.pdf:application/pdf;Optics Letters Volume 13 issue 3 1988 [doi 10.1364%2FOL.13.000251] Konforti, N.\; Marom, E.\; Wu, S.-T. -- Phase-only modulation with twisted nematic liquid-crys (1).pdf:/Users/Santiago/Library/Application Support/Zotero/Profiles/ybv78mdi.default/zotero/storage/HA9N3HH7/Optics Letters Volume 13 issue 3 1988 [doi 10.1364%2FOL.13.000251] Konforti, N.\; Marom, E.\; Wu, S.-T. -- Phase-only modulation with twisted nemat.pdf:application/pdf},
	Journal = {Optics letters},
	Number = {3},
	Pages = {251--253},
	Timestamp = {2015-04-10 18:51:00},
	Title = {Phase-only modulation with twisted nematic liquid-crystal spatial light modulators},
	Urldate = {2014-02-22},
	Volume = {13},
	Year = {1988},
	Bdsk-Url-1 = {http://dx.doi.org/10.1364/OL.13.000251}}

@phdthesis{UribePatarroyo2011,
	Address = {Laboratorio de Instrumentaci{\'o}n Espacial Instituto Nacional de T{\'e}cnica Aeroespacial},
	Author = {Uribe-Patarroyo, Nestor},
	File = {tesis_doctorado.pdf:/Users/Santiago/Library/Application Support/Zotero/Profiles/ybv78mdi.default/zotero/storage/U2SA67SW/tesis_doctorado.pdf:application/pdf},
	School = {Universidad Complutense de Madrid},
	Timestamp = {2015-04-10 21:12:10},
	Title = {Optical Space Applications of Liquid Crystals: Polarimetry and Photon Orbital Angular Momentum in Remote Sensing},
	Type = {Tesis doctoral},
	Year = {2011}}

@article{Roopashree2009a,
	Author = {Roopashree, M. B. and Vyas, Akondi and Banyal, Ravinder Kumar and Prasad, B. Raghavendra},
	File = {Phase characteristics of reflecting and transmitting type twisted nematic SLM.pdf:/Users/Santiago/Library/Application Support/Zotero/Profiles/ybv78mdi.default/zotero/storage/CD2PS4NM/Phase characteristics of reflecting and transmitting type twisted nematic SLM.pdf:application/pdf;Phase characteristics of reflecting and transmitting type twisted nematic SLM.pdf:/Users/Santiago/Library/Application Support/Zotero/Profiles/ybv78mdi.default/zotero/storage/RFRCEFUD/Phase characteristics of reflecting and transmitting type twisted nematic SLM.pdf:application/pdf;PHASE CHARACTERISTICS OF REFLECTING AND TRANSMITTING TYPE TWISTED NEMATIC SPATIAL LIGHT MODULATORS .pdf:/Users/Santiago/Library/Application Support/Zotero/Profiles/ybv78mdi.default/zotero/storage/QS2U6TUH/PHASE CHARACTERISTICS OF REFLECTING AND TRANSMITTING TYPE TWISTED NEMATIC SPATIAL LIGHT MODULATORS .pdf:application/pdf},
	Journal = {{arXiv} preprint {arXiv}:0911.0817},
	Timestamp = {2015-04-10 19:30:32},
	Title = {Phase characteristics of reflecting and transmitting type twisted nematic spatial light modulators},
	Urldate = {2014-02-22},
	Year = {2009}}

@article{Wu2010,
	Abstract = {A tip-tilt-piston micromirror array based on electrothermal bimorph actuation is presented. The micromirror uses a compactly folded actuator design that can realize high fill-factor with a simple fabrication process. A 4 {\texttimes} 4 micromirror array with sub-apertures of 0.9 mm and a fill-factor of 54\% is demonstrated. A piston actuation of about 200 \ensuremath{\mu}m and tip-tilt scanning of \ensuremath{\pm}18{\textdegree} optical angles are obtained at a driving voltage as small as 4.5 Vdc. The mirror's tip-tilt steering capability and piston control make it promising for optical phased array applications. The phased array concept is demonstrated by phasing two adjacent mirrors on the mirror array. Other device characterizations including frequency, transient response, and mirror surface quality are also reported.},
	Author = {Wu, Lei and Dooley, S. and Watson, E.A. and {McManamon}, Paul F. and Xie, Huikai},
	Doi = {10.1109/JMEMS.2010.2076777},
	Issn = {1057-7157},
	Journal = {Journal of Microelectromechanical Systems},
	Keywords = {Actuators,Electrothermal bimorph,electrothermal bimorph actuation,folded actuator,microactuators,microelectromechanical devices,micromirrors,micro-optomechanical devices,optical arrays,optical phased array applications,optical phased array (OPA),Phased arrays,piston actuation,pistons,tip-tilt-piston micromirror array,tip-tilt-piston (TTP) micromirror,tip-tilt steering},
	Month = dec,
	Number = {6},
	Pages = {1450--1461},
	Timestamp = {2015-04-08 21:52:10},
	Title = {A Tip-Tilt-Piston Micromirror Array for Optical Phased Array Applications},
	Volume = {19},
	Year = {2010},
	Bdsk-Url-1 = {http://dx.doi.org/10.1109/JMEMS.2010.2076777}}

@incollection{Liesener2006,
	Abstract = {With the given micromirror array several wavefront optimization methods could be applied that enabled a greatly improved fiber coupling efficiency. The improvement was especially significant for the piston type MMA. Direct phase measurement methods (Shack-Hartmann sensor and interferometry) are superior when time is critical or when strong aberrations are present. The advantage of iterative methods (direct search algorithm and genetic algorithm) is the simple experimental setup and the unnecesity of calibration. These methods performed especially well with small aberrations.},
	Author = {Liesener, Jan and Osten, Wolfgang},
	Booktitle = {Fringe 2005},
	Copyright = {{\textcopyright}2006 Springer-Verlag Berlin Heidelberg},
	Editor = {Osten, Professor Dr Wolfgang},
	File = {Snapshot:/Users/Santiago/Library/Application Support/Zotero/Profiles/ybv78mdi.default/zotero/storage/JDKK454A/10.html:text/html;Snapshot:/Users/Santiago/Library/Application Support/Zotero/Profiles/ybv78mdi.default/zotero/storage/9FEJ9QKP/10.html:text/html},
	Isbn = {978-3-540-26037-0, 978-3-540-29303-3},
	Keywords = {Applied Optics, Optoelectronics, Optical Devices,Automation and Robotics,Control Engineering,Manufacturing, Machines, Tools,Quality Control, Reliability, Safety and Risk},
	Month = jan,
	Pages = {150--157},
	Publisher = {Springer Berlin Heidelberg},
	Timestamp = {2015-04-08 21:53:34},
	Title = {Wavefront Optimization using Piston Micro Mirror Arrays},
	Url = {http://link.springer.com/chapter/10.1007/3-540-29303-5_17},
	Urldate = {2014-02-23},
	Year = {2006},
	Bdsk-Url-1 = {http://link.springer.com/chapter/10.1007/3-540-29303-5_17}}

@inproceedings{Marquez2007,
	Abstract = {We present the characterization and the optimization of the phase and amplitude modulation of a liquid crystal display (LCD) applied to holographic data storage. We discuss the main LCD modulation regimes demanded in the literature in the application to holographic memories: binary amplitude, binary phase and hybrid ternary modulation (HTM). We show how to obtain optimally these modulation regimes with a LCD. In our strategy it is essential the accuracy demonstrated by the model we use to describe the modulation properties of the LCD. This accuracy allows for a reliable computer search of the configurations enabling for an optimum LCD complex amplitude modulation. Results are given for the calibration of a commercial LCD. Optimum configurations close to the ideal for each of the modulation regimes are also obtained and the values of the various parameters characterizing the quality of these configurations are provided. We have also analyzed the performance of these configurations to perform the Fourier transform (FT) of a binary data page. We see that the optimum configurations obtained for the binary phase and the HTM regimes produce a homogeneous distribution of the energy in the Fourier plane with no DC peak},
	Author = {M{\'a}rquez, Andr{\'e}s and Gallego, Sergi and M{\'e}ndez, David and {\'A}lvarez, Mariela L. and Fern{\'a}ndez, Elena and Ortu{\~n}o, Manuel and Bel{\'e}ndez, Augusto and Pascual, Inmaculada},
	Doi = {10.1117/12.722647},
	Editor = {Glogarova, Milada and Palffy-Muhoray, Peter and Copic, Martin},
	File = {Characterization and optimization of liquid crystal displays for data storage applications.pdf:/Users/Santiago/Library/Application Support/Zotero/Profiles/ybv78mdi.default/zotero/storage/Z8DPJANF/Characterization and optimization of liquid crystal displays for data storage applications.pdf:application/pdf;Characterization and optimization of liquid crystal displays for data storage applications.pdf:/Users/Santiago/Library/Application Support/Zotero/Profiles/ybv78mdi.default/zotero/storage/ZTAJJZGX/Characterization and optimization of liquid crystal displays for data storage applications.pdf:application/pdf},
	Month = may,
	Pages = {658715--658715--12},
	Timestamp = {2015-04-08 21:52:20},
	Title = {\&lt;title\&gt;Characterization and optimization of liquid crystal displays for data storage applications\&lt;/title\&gt;},
	Urldate = {2014-04-26},
	Year = {2007},
	Bdsk-Url-1 = {http://dx.doi.org/10.1117/12.722647}}

@article{Soutar1994,
	Author = {Soutar, Colin and Lu, Kanghua},
	Doi = {10.1117/12.173544},
	File = {Determination of the physical properties of an arbitrary twisted-nematic liquid crystal cell.pdf:/Users/Santiago/Library/Application Support/Zotero/Profiles/ybv78mdi.default/zotero/storage/QFRF8P9A/Determination of the physical properties of an arbitrary twisted-nematic liquid crystal cell.pdf:application/pdf;Determination of the physical properties of an arbitrary twisted-nematic liquid crystal cell.pdf:/Users/Santiago/Library/Application Support/Zotero/Profiles/ybv78mdi.default/zotero/storage/BEDP4UBM/Determination of the physical properties of an arbitrary twisted-nematic liquid crystal cell.pdf:application/pdf},
	Journal = {Optical engineering},
	Number = {8},
	Pages = {2704--2712},
	Timestamp = {2015-04-10 18:48:18},
	Title = {Determination of the physical properties of an arbitrary twisted-nematic liquid crystal cell},
	Urldate = {2014-04-26},
	Volume = {33},
	Year = {1994},
	Bdsk-Url-1 = {http://dx.doi.org/10.1117/12.173544}}

@article{Yu2012,
	Author = {Yu, Chih-Jen and Tseng, Yao-Teng and Hsu, Kuei-Chu and Chou, Chien},
	Doi = {10.1364/AO.51.000238},
	File = {Full-field characterization of a twisted nematic liquid-crystal device using equivalence theorem of a unitary optical system.pdf:/Users/Santiago/Library/Application Support/Zotero/Profiles/ybv78mdi.default/zotero/storage/UTIU54QW/Full-field characterization of a twisted nematic liquid-crystal device using equivalence theorem of a unitary optical system.pdf:application/pdf;Full-field characterization of a twisted nematic liquid-crystal device using equivalence theorem of a unitary optical system.pdf:/Users/Santiago/Library/Application Support/Zotero/Profiles/ybv78mdi.default/zotero/storage/83SA83S5/Full-field characterization of a twisted nematic liquid-crystal device using equivalence theorem of a unitary optical system.pdf:application/pdf},
	Journal = {Applied optics},
	Number = {2},
	Pages = {238--244},
	Timestamp = {2015-04-10 19:02:30},
	Title = {Full-field characterization of a twisted nematic liquid-crystal device using equivalence theorem of a unitary optical system},
	Urldate = {2014-04-26},
	Volume = {51},
	Year = {2012},
	Bdsk-Url-1 = {http://dx.doi.org/10.1364/AO.51.000238}}

@article{Liu2010,
	Author = {Liu, Meng-Han and Kuo, Wen-Chuan and Wei, Hsiang-Chun and Tsai, Chien-Chung and Yu, Chih-Jen and Liang, Bau-Jy and Chou, Chien},
	Doi = {10.1364/OE.18.008759},
	File = {Optics Express Volume 18 issue 9 2010 [doi 10.1364%2FOE.18.008759] Liu, Meng-Han\; Kuo, Wen-Chuan\; Wei, Hsiang-Chun\; Tsai, Chien-Chu -- Cell parameter measurement of a twisted nematic liquid crystal device using interferometric polarimeter u.pdf:/Users/Santiago/Library/Application Support/Zotero/Profiles/ybv78mdi.default/zotero/storage/EHVSD8CJ/Optics Express Volume 18 issue 9 2010 [doi 10.1364%2FOE.18.008759] Liu, Meng-Han\; Kuo, Wen-Chuan\; Wei, Hsiang-Chun\; Tsai, Chien-Chu -- Cell param.pdf:application/pdf;Optics Express Volume 18 issue 9 2010 [doi 10.1364%2FOE.18.008759] Liu, Meng-Han\; Kuo, Wen-Chuan\; Wei, Hsiang-Chun\; Tsai, Chien-Chu -- Cell parameter measurement of a twisted nematic liquid crystal device using interferometric polarimeter u.pdf:/Users/Santiago/Library/Application Support/Zotero/Profiles/ybv78mdi.default/zotero/storage/DD5IQH7E/Optics Express Volume 18 issue 9 2010 [doi 10.1364%2FOE.18.008759] Liu, Meng-Han\; Kuo, Wen-Chuan\; Wei, Hsiang-Chun\; Tsai, Chien-Chu -- Cell param.pdf:application/pdf},
	Journal = {Optics express},
	Number = {9},
	Pages = {8759--8766},
	Timestamp = {2015-04-10 18:56:28},
	Title = {Cell parameter measurement of a twisted nematic liquid crystal device using interferometric polarimeter under normal incidence},
	Urldate = {2014-04-26},
	Volume = {18},
	Year = {2010},
	Bdsk-Url-1 = {http://dx.doi.org/10.1364/OE.18.008759}}

@article{Duran2006,
	Author = {Dur{\'a}n, V. and Lancis, J. and Tajahuerce, E. and Fern{\'a}ndez-Alonso, M.},
	Doi = {10.1364/OE.14.005607},
	File = {Phase-only modulation with a twisted nematic liquid crystal display by means of equi-azimuth polarization states.pdf:/Users/Santiago/Library/Application Support/Zotero/Profiles/ybv78mdi.default/zotero/storage/FRZ72R6G/Phase-only modulation with a twisted nematic liquid crystal display by means of equi-azimuth polarization states.pdf:application/pdf;Phase-only modulation with a twisted nematic liquid crystal display by means of equi-azimuth polarization states.pdf:/Users/Santiago/Library/Application Support/Zotero/Profiles/ybv78mdi.default/zotero/storage/GI6F7BG7/Phase-only modulation with a twisted nematic liquid crystal display by means of equi-azimuth polarization states.pdf:application/pdf},
	Journal = {Optics express},
	Number = {12},
	Pages = {5607--5616},
	Timestamp = {2015-04-10 18:50:30},
	Title = {Phase-only modulation with a twisted nematic liquid crystal display by means of equi-azimuth polarization states},
	Urldate = {2014-04-26},
	Volume = {14},
	Year = {2006},
	Bdsk-Url-1 = {http://dx.doi.org/10.1364/OE.14.005607}}

@article{Duran2007,
	Author = {Duran, Vicente and Lancis, Jess and Tajahuerce, Enrique and Climent, Vicent},
	Doi = {10.1109/JDT.2006.890710},
	File = {Poincar{\'e} Sphere Method for Optimizing the Phase Modulation Response of a Twisted Nematic Liquid Crystal Display.pdf:/Users/Santiago/Library/Application Support/Zotero/Profiles/ybv78mdi.default/zotero/storage/7TFGC5TE/Poincar{\'e} Sphere Method for Optimizing the Phase Modulation Response of a Twisted Nematic Liquid Crystal Display.pdf:application/pdf;Poincar{\'e} Sphere Method for Optimizing the Phase Modulation Response of a Twisted Nematic Liquid Crystal Display.pdf:/Users/Santiago/Library/Application Support/Zotero/Profiles/ybv78mdi.default/zotero/storage/ZN3NS34S/Poincar{\'e} Sphere Method for Optimizing the Phase Modulation Response of a Twisted Nematic Liquid Crystal Display.pdf:application/pdf},
	Issn = {1551-319X},
	Journal = {Journal of Display Technology},
	Month = mar,
	Number = {1},
	Pages = {9--14},
	Timestamp = {2015-04-08 21:53:13},
	Title = {Poincar\&eacute; Sphere Method for Optimizing the Phase Modulation Response of a Twisted Nematic Liquid Crystal Display},
	Urldate = {2014-04-26},
	Volume = {3},
	Year = {2007},
	Bdsk-Url-1 = {http://dx.doi.org/10.1109/JDT.2006.890710}}

@article{Iemmi2001,
	Author = {Iemmi, Claudio and Moreno, Ignacio and Davis, Jeffrey A. and Campos, Juan and Yzuel, Maria J.},
	Doi = {10.1117/1.1412228},
	File = {Quantitative prediction of the modulation behavior of twisted nematic liquid crystal displays based on a simple physical model.pdf:/Users/Santiago/Library/Application Support/Zotero/Profiles/ybv78mdi.default/zotero/storage/MGPKZ8M5/Quantitative prediction of the modulation behavior of twisted nematic liquid crystal displays based on a simple physical model.pdf:application/pdf;Quantitative prediction of the modulation behavior of twisted nematic liquid crystal displays based on a simple physical model.pdf:/Users/Santiago/Library/Application Support/Zotero/Profiles/ybv78mdi.default/zotero/storage/SUVNWNU3/Quantitative prediction of the modulation behavior of twisted nematic liquid crystal displays based on a simple physical model.pdf:application/pdf},
	Journal = {Optical Engineering},
	Number = {11},
	Pages = {2558--2564},
	Timestamp = {2015-04-10 18:51:25},
	Title = {Quantitative prediction of the modulation behavior of twisted nematic liquid crystal displays based on a simple physical model},
	Urldate = {2014-04-26},
	Volume = {40},
	Year = {2001},
	Bdsk-Url-1 = {http://dx.doi.org/10.1117/1.1412228}}

@article{Zhang1994,
	Author = {Zhang, Zheng and Lu, Guowen and Francis, T. S.},
	Doi = {10.1117/12.177518},
	File = {Simple method for measuring phase modulation in liquid crystal televisions.pdf:/Users/Santiago/Library/Application Support/Zotero/Profiles/ybv78mdi.default/zotero/storage/AMXWDQVI/Simple method for measuring phase modulation in liquid crystal televisions.pdf:application/pdf;Simple method for measuring phase modulation in liquid crystal televisions.pdf:/Users/Santiago/Library/Application Support/Zotero/Profiles/ybv78mdi.default/zotero/storage/BNKGPR3J/Simple method for measuring phase modulation in liquid crystal televisions.pdf:application/pdf},
	Journal = {Optical Engineering},
	Number = {9},
	Pages = {3018--3022},
	Timestamp = {2015-04-10 18:52:09},
	Title = {Simple method for measuring phase modulation in liquid crystal televisions},
	Urldate = {2014-04-26},
	Volume = {33},
	Year = {1994},
	Bdsk-Url-1 = {http://dx.doi.org/10.1117/12.177518}}

@article{Moreno1998,
	Author = {Moreno, Ignacio and Davis, Jeffrey A. and D'Nelly, Kevin G. and Allison, David B.},
	Doi = {10.1117/1.601976},
	File = {Transmission and phase measurement for polarization eigenvectors in twisted-nematic liquid crystal SLM.pdf:/Users/Santiago/Library/Application Support/Zotero/Profiles/ybv78mdi.default/zotero/storage/E84EKI95/Transmission and phase measurement for polarization eigenvectors in twisted-nematic liquid crystal SLM.pdf:application/pdf;Transmission and phase measurement for polarization eigenvectors in twisted-nematic liquid crystal SLM.pdf:/Users/Santiago/Library/Application Support/Zotero/Profiles/ybv78mdi.default/zotero/storage/S9W2PPAP/Transmission and phase measurement for polarization eigenvectors in twisted-nematic liquid crystal SLM.pdf:application/pdf},
	Journal = {Optical Engineering},
	Number = {11},
	Pages = {3048--3052},
	Timestamp = {2015-04-10 18:52:48},
	Title = {Transmission and phase measurement for polarization eigenvectors in twisted-nematic liquid crystal spatial light modulators},
	Urldate = {2014-04-26},
	Volume = {37},
	Year = {1998},
	Bdsk-Url-1 = {http://dx.doi.org/10.1117/1.601976}}

@inproceedings{Dev2009,
	Author = {Dev, Kapil and Prakarsa, Andy and Jiang, Yin Xi and Lee, Hooi Leng and Asundi, Anand},
	Doi = {10.1117/12.851662},
	Editor = {Quan, Chenggen and Qian, Kemao and Asundi, Anand K. and Chau, Fook S.},
	File = {Twisted nematic liquid crystal cell characterization using rotating polarizers including full-field cell gap thickness measuerement.pdf:/Users/Santiago/Library/Application Support/Zotero/Profiles/ybv78mdi.default/zotero/storage/H2KV9T9C/Twisted nematic liquid crystal cell characterization using rotating polarizers including full-field cell gap thickness measuerement.pdf:application/pdf;Twisted nematic liquid crystal cell characterization using rotating polarizers including full-field cell gap thickness measuerement.pdf:/Users/Santiago/Library/Application Support/Zotero/Profiles/ybv78mdi.default/zotero/storage/MHMIP87H/Twisted nematic liquid crystal cell characterization using rotating polarizers including full-field cell gap thickness measuerement.pdf:application/pdf},
	Month = dec,
	Pages = {75224N--75224N--10},
	Timestamp = {2015-04-08 21:53:28},
	Title = {Twisted nematic liquid crystal cell characterization using rotating polarizers including full-field cell gap thickness measurement\&lt;/title\&gt;},
	Urldate = {2014-04-26},
	Year = {2009},
	Bdsk-Url-1 = {http://dx.doi.org/10.1117/12.851662}}

@article{Davis1999,
	Author = {Davis, Jeffrey A. and Moreno, Ignacio and Tsai, Philbert and D'Nelly, Kevin G.},
	Doi = {10.1117/1.602052},
	File = {Simple technique for determining the extraordinary axis direction for twisted-nematic liquid crystal spatial light modulators.pdf:/Users/Santiago/Library/Application Support/Zotero/Profiles/ybv78mdi.default/zotero/storage/VW4R2JIA/Simple technique for determining the extraordinary axis direction for twisted-nematic liquid crystal spatial light modulators.pdf:application/pdf;Simple technique for determining the extraordinary axis direction for twisted-nematic liquid crystal spatial light modulators.pdf:/Users/Santiago/Library/Application Support/Zotero/Profiles/ybv78mdi.default/zotero/storage/5REET3T2/Simple technique for determining the extraordinary axis direction for twisted-nematic liquid crystal spatial light modulators.pdf:application/pdf},
	Journal = {Optical Engineering},
	Number = {5},
	Pages = {929--932},
	Timestamp = {2015-04-10 18:52:32},
	Title = {Simple technique for determining the extraordinary axis direction for twisted-nematic liquid crystal spatial light modulators},
	Urldate = {2014-04-26},
	Volume = {38},
	Year = {1999},
	Bdsk-Url-1 = {http://dx.doi.org/10.1117/1.602052}}

@article{Kim2005,
	Author = {Kim, Hyun and Lee, Yeon H.},
	Doi = {10.1364/AO.44.001642},
	File = {Unique measurement of the parameters of a twisted-nematic liquid-crystal display.pdf:/Users/Santiago/Library/Application Support/Zotero/Profiles/ybv78mdi.default/zotero/storage/C9BQ9ZDT/Unique measurement of the parameters of a twisted-nematic liquid-crystal display.pdf:application/pdf;Unique measurement of the parameters of a twisted-nematic liquid-crystal display.pdf:/Users/Santiago/Library/Application Support/Zotero/Profiles/ybv78mdi.default/zotero/storage/T3AP4S67/Unique measurement of the parameters of a twisted-nematic liquid-crystal display.pdf:application/pdf},
	Journal = {Applied optics},
	Number = {9},
	Pages = {1642--1649},
	Timestamp = {2015-04-10 18:53:08},
	Title = {Unique measurement of the parameters of a twisted-nematic liquid-crystal display},
	Urldate = {2014-04-26},
	Volume = {44},
	Year = {2005},
	Bdsk-Url-1 = {http://dx.doi.org/10.1364/AO.44.001642}}

@inproceedings{Davis2003,
	Author = {Davis, Jeffrey A. and Yzuel, Maria J. and Campos, Juan and Moreno, Ignacio and Marquez, Andres and Nicolas, Josep},
	Booktitle = {Optical Science and Technology, {SPIE}'s 48th Annual Meeting},
	Doi = {10.1117/12.510257},
	File = {Davis et al_2003_Review of operating modes for twisted nematic liquid crystal displays for.pdf:/Users/Santiago/Documents/Zotero_attachments//International Society for Optics and Photonics/2003/Davis et al_2003_Review of operating modes for twisted nematic liquid crystal displays for.pdf:application/pdf;Review of operating modes for twisted nematic liquid crystal displays for aplications in optical image procesing.pdf:/Users/Santiago/Library/Application Support/Zotero/Profiles/ybv78mdi.default/zotero/storage/8HE5H2D4/Review of operating modes for twisted nematic liquid crystal displays for aplications in optical image procesing.pdf:application/pdf;Review of operating modes for twisted nematic liquid crystal displays for aplications in optical image procesing.pdf:/Users/Santiago/Library/Application Support/Zotero/Profiles/ybv78mdi.default/zotero/storage/6THMDG7B/Review of operating modes for twisted nematic liquid crystal displays for aplications in optical image procesing.pdf:application/pdf},
	Pages = {120--131},
	Publisher = {International Society for Optics and Photonics},
	Timestamp = {2015-04-10 18:51:49},
	Title = {Review of operating modes for twisted nematic liquid crystal displays for applications in optical image processing},
	Urldate = {2014-05-02},
	Year = {2003},
	Bdsk-Url-1 = {http://dx.doi.org/10.1117/12.510257}}

@article{Davis2013,
	Author = {Davis, Jeffrey A. and Cottrell, Don M. and Schoonover, Brandon C. and Cushing, Johnathan B. and Albero, Jorge and Moreno, Ignacio},
	Doi = {10.1117/1.OE.52.5.050502},
	File = {Vortex sensing analysis of radially and pseudo-radially polarized beams.pdf:/Users/Santiago/Library/Application Support/Zotero/Profiles/ybv78mdi.default/zotero/storage/IE2N7MGU/Vortex sensing analysis of radially and pseudo-radially polarized beams.pdf:application/pdf;Vortex sensing analysis of radially and pseudo-radially polarized beams.pdf:/Users/Santiago/Library/Application Support/Zotero/Profiles/ybv78mdi.default/zotero/storage/MADDIIR3/Vortex sensing analysis of radially and pseudo-radially polarized beams.pdf:application/pdf},
	Journal = {Optical Engineering},
	Number = {5},
	Pages = {050502--050502},
	Timestamp = {2015-04-10 19:04:38},
	Title = {Vortex sensing analysis of radially and pseudo-radially polarized beams},
	Urldate = {2014-05-02},
	Volume = {52},
	Year = {2013},
	Bdsk-Url-1 = {http://dx.doi.org/10.1117/1.OE.52.5.050502}}

@article{Yeh1999,
	Author = {Yeh, Pochi and Claire, Gu},
	File = {[Pochi_Yeh,_Claire_Gu]_Optics_of_Liquid_Crystal_Di(BookZa.org).djvu:/Users/Santiago/Library/Application Support/Zotero/Profiles/ybv78mdi.default/zotero/storage/FNMUSDA7/[Pochi_Yeh,_Claire_Gu]_Optics_of_Liquid_Crystal_Di(BookZa.org).djvu:image/vnd.djvu;[Pochi_Yeh,_Claire_Gu]_Optics_of_Liquid_Crystal_Di(BookZa.org).djvu:/Users/Santiago/Library/Application Support/Zotero/Profiles/ybv78mdi.default/zotero/storage/DIEH2IZW/[Pochi_Yeh,_Claire_Gu]_Optics_of_Liquid_Crystal_Di(BookZa.org).djvu:image/vnd.djvu},
	Language = {English},
	Timestamp = {2015-04-08 21:56:33},
	Title = {Optics of Liquid Crystal Displays},
	Year = {1999}}

@book{Yariv2002,
	Abstract = {Describes how laser radiation propagates in natural and artificial materials and how the state of radiation can be controlled and manipulated (phase intensity, polarization) by various means. New concepts and useful techniques are described in the problems. Includes many figures, tables, and examples.},
	Address = {Hoboken, N.J.},
	Author = {Yariv, Amnon and Yeh, Pochi},
	File = {[Yariv_A.,_Yeh_P.]_Optical_waves_in_crystals(BookZZ.org).djvu:/Users/Santiago/Library/Application Support/Zotero/Profiles/ybv78mdi.default/zotero/storage/9KB7D5MH/[Yariv_A.,_Yeh_P.]_Optical_waves_in_crystals(BookZZ.org).djvu:image/vnd.djvu;[Yariv_A.,_Yeh_P.]_Optical_waves_in_crystals(BookZZ.org).djvu:/Users/Santiago/Library/Application Support/Zotero/Profiles/ybv78mdi.default/zotero/storage/9ZMK7IFF/[Yariv_A.,_Yeh_P.]_Optical_waves_in_crystals(BookZZ.org).djvu:image/vnd.djvu},
	Isbn = {9780471430810},
	Language = {English},
	Month = nov,
	Publisher = {Wiley-Interscience},
	Shorttitle = {Optical Waves in Crystals},
	Timestamp = {2015-04-08 21:53:01},
	Title = {Optical Waves in Crystals: Propagation and Control of Laser Radiation},
	Year = {2002}}

@article{Pezzaniti1993,
	Author = {Pezzaniti, J. L. and Chipman, R. A.},
	Doi = {10.1364/OL.18.001567},
	File = {Phase-only modulation of a twisted nematic liquid-crystal TV by use of the eigenpolarization states.PDF:/Users/Santiago/Library/Application Support/Zotero/Profiles/ybv78mdi.default/zotero/storage/MQZJPG9W/Phase-only modulation of a twisted nematic liquid-crystal TV by use of the eigenpolarization states.PDF:application/pdf;Phase-only modulation of a twisted nematic liquid-crystal TV by use of the eigenpolarization states.PDF:/Users/Santiago/Library/Application Support/Zotero/Profiles/ybv78mdi.default/zotero/storage/EUXSZ7ZD/Phase-only modulation of a twisted nematic liquid-crystal TV by use of the eigenpolarization states.PDF:application/pdf},
	Journal = {Optics letters},
	Number = {18},
	Pages = {1567--1569},
	Timestamp = {2015-04-10 18:49:59},
	Title = {Phase-only modulation of a twisted nematic liquid-crystal {TV} by use of the eigenpolarization states},
	Urldate = {2014-05-05},
	Volume = {18},
	Year = {1993},
	Bdsk-Url-1 = {http://dx.doi.org/10.1364/OL.18.001567}}

@article{Dev2012,
	Author = {Dev, Kapil and Asundi, Anand},
	Doi = {10.1016/j.optlaseng.2011.10.004},
	File = {Mueller--Stokes polarimetric characterization of transmissive liquid crystal spatial light modulator.pdf:/Users/Santiago/Library/Application Support/Zotero/Profiles/ybv78mdi.default/zotero/storage/M33N8QU4/Mueller--Stokes polarimetric characterization of transmissive liquid crystal spatial light modulator.pdf:application/pdf;Mueller--Stokes polarimetric characterization of transmissive liquid crystal spatial light modulator.pdf:/Users/Santiago/Library/Application Support/Zotero/Profiles/ybv78mdi.default/zotero/storage/VF9CPWVW/Mueller--Stokes polarimetric characterization of transmissive liquid crystal spatial light modulator.pdf:application/pdf},
	Issn = {01438166},
	Journal = {Optics and Lasers in Engineering},
	Language = {en},
	Month = apr,
	Number = {4},
	Pages = {599--607},
	Timestamp = {2015-04-08 21:52:56},
	Title = {Mueller{\textendash}Stokes polarimetric characterization of transmissive liquid crystal spatial light modulator},
	Urldate = {2014-05-05},
	Volume = {50},
	Year = {2012},
	Bdsk-Url-1 = {http://dx.doi.org/10.1016/j.optlaseng.2011.10.004}}

@article{Moreno2011,
	Author = {Moreno, Ignacio and Iemmi, Claudio and Campos, Juan and Yzuel, Maria J.},
	Doi = {10.1364/OE.19.004583},
	File = {Optics Express Volume 19 issue 5 2011 [doi 10.1364%2FOE.19.004583] Moreno, Ignacio\; Iemmi, Claudio\; Campos, Juan\; Yzuel, Maria J. -- Jones matrix treatment for optical Fourier processors with structured polarization.pdf:/Users/Santiago/Library/Application Support/Zotero/Profiles/ybv78mdi.default/zotero/storage/3U27SMVC/Optics Express Volume 19 issue 5 2011 [doi 10.1364%2FOE.19.004583] Moreno, Ignacio\; Iemmi, Claudio\; Campos, Juan\; Yzuel, Maria J. -- Jones matrix.pdf:application/pdf;Optics Express Volume 19 issue 5 2011 [doi 10.1364%2FOE.19.004583] Moreno, Ignacio\; Iemmi, Claudio\; Campos, Juan\; Yzuel, Maria J. -- Jones matrix treatment for optical Fourier processors with structured polarization.pdf:/Users/Santiago/Library/Application Support/Zotero/Profiles/ybv78mdi.default/zotero/storage/5HZX6MZW/Optics Express Volume 19 issue 5 2011 [doi 10.1364%2FOE.19.004583] Moreno, Ignacio\; Iemmi, Claudio\; Campos, Juan\; Yzuel, Maria J. -- Jones matrix.pdf:application/pdf},
	Journal = {Optics express},
	Number = {5},
	Pages = {4583--4594},
	Timestamp = {2015-04-10 19:05:48},
	Title = {Jones matrix treatment for optical Fourier processors with structured polarization},
	Urldate = {2014-05-06},
	Volume = {19},
	Year = {2011},
	Bdsk-Url-1 = {http://dx.doi.org/10.1364/OE.19.004583}}

@article{Davis2000,
	Author = {Davis, Jeffrey A. and {McNamara}, Dylan E. and Cottrell, Don M. and Sonehara, Tomio},
	Doi = {10.1364/AO.39.001549},
	File = {Applied Optics Volume 39 issue 10 2000 [doi 10.1364%2FAO.39.001549] Davis, Jeffrey A.\; McNamara, Dylan E.\; Cottrell, Don M.\; Sonehar -- Two-Dimensional Polarization Encoding with a Phase-Only Liquid-Crystal Spatial Light Modulator.pdf:/Users/Santiago/Library/Application Support/Zotero/Profiles/ybv78mdi.default/zotero/storage/EUKTFMPT/Applied Optics Volume 39 issue 10 2000 [doi 10.1364%2FAO.39.001549] Davis, Jeffrey A.\; McNamara, Dylan E.\; Cottrell, Don M.\; Sonehar -- Two-Dimen.pdf:application/pdf;Applied Optics Volume 39 issue 10 2000 [doi 10.1364%2FAO.39.001549] Davis, Jeffrey A.\; McNamara, Dylan E.\; Cottrell, Don M.\; Sonehar -- Two-Dimensional Polarization Encoding with a Phase-Only Liquid-Crystal Spatial Light Modulator.pdf:/Users/Santiago/Library/Application Support/Zotero/Profiles/ybv78mdi.default/zotero/storage/57FE9DSN/Applied Optics Volume 39 issue 10 2000 [doi 10.1364%2FAO.39.001549] Davis, Jeffrey A.\; McNamara, Dylan E.\; Cottrell, Don M.\; Sonehar -- Two-Dimen.pdf:application/pdf},
	Journal = {Applied Optics},
	Number = {10},
	Pages = {1549--1554},
	Timestamp = {2015-04-10 19:03:57},
	Title = {Two-dimensional polarization encoding with a phase-only liquid-crystal spatial light modulator},
	Urldate = {2014-05-06},
	Volume = {39},
	Year = {2000},
	Bdsk-Url-1 = {http://dx.doi.org/10.1364/AO.39.001549}}

@article{Moreno2004,
	Author = {Moreno, Ignacio and Yzuel, Mar{\'\i}a J. and Campos, Juan and Vargas, Asticio},
	Doi = {10.1080/09500340408232511},
	File = {Jones matrix treatment for polarization fourier optics.pdf:/Users/Santiago/Library/Application Support/Zotero/Profiles/ybv78mdi.default/zotero/storage/W59UKG35/Jones matrix treatment for polarization fourier optics.pdf:application/pdf;Jones matrix treatment for polarization fourier optics.pdf:/Users/Santiago/Library/Application Support/Zotero/Profiles/ybv78mdi.default/zotero/storage/3B2KJA8G/Jones matrix treatment for polarization fourier optics.pdf:application/pdf},
	Issn = {0950-0340, 1362-3044},
	Journal = {Journal of Modern Optics},
	Month = sep,
	Number = {14},
	Pages = {2031--2038},
	Timestamp = {2015-04-10 18:39:00},
	Title = {Jones matrix treatment for polarization fourier optics},
	Urldate = {2014-05-06},
	Volume = {51},
	Year = {2004},
	Bdsk-Url-1 = {http://dx.doi.org/10.1080/09500340408232511}}

@article{Friedel1922,
	Author = {Friedel, Georges},
	File = {georges_friedel1922.pdf:/Users/Santiago/Library/Application Support/Zotero/Profiles/ybv78mdi.default/zotero/storage/84VV7BVD/georges_friedel1922.pdf:application/pdf},
	Journal = {Ann. phys},
	Pages = {273--474},
	Timestamp = {2014-05-07 20:00:52},
	Title = {The mesomorphic states of matter},
	Url = {http://www.personal.southampton.ac.uk/tim/crystals_that_flow/georges_friedel1922.pdf},
	Urldate = {2014-05-07},
	Volume = {18},
	Year = {1922},
	Bdsk-Url-1 = {http://www.personal.southampton.ac.uk/tim/crystals_that_flow/georges_friedel1922.pdf}}

@book{Palffy1998,
	Abstract = {During his distinguished scientific career, Alfred Saupe made important contributions to liquid crystal research, laying the groundwork on which much of the current knowledge and research in the physics of liquid crystals is based. This volume features papers presented by Prof. Saupe's colleagues, students and friends at a festschrift in honor of his 70th birthday. In addition, a selection of Prof. Saupe's articles are reprinted in the original German and in English translation, offering the reader a unique opportunity to see both the early work of this important scientist and widespread effect of that work on later discoveries in liquid crystal physics.},
	Address = {Amsterdam},
	Author = {Cladis, Patricia and Palffy-Muhoray, Peter},
	Isbn = {9789056996499},
	Language = {English},
	Month = jul,
	Publisher = {{CRC} Press},
	Shorttitle = {Dynamics and Defects in Liquid Crystals},
	Timestamp = {2014-05-13 18:56:04},
	Title = {Dynamics and Defects in Liquid Crystals: A Festschrift in Honor of Alfred Saupe},
	Year = {1998}}

@article{Davis1998,
	Author = {Davis, Jeffrey A. and Moreno, Ignacio and Tsai, Philbert},
	Doi = {10.1364/AO.37.000937},
	File = {Applied Optics Volume 37 issue 5 1998 [doi 10.1364%2FAO.37.000937] Davis, Jeffrey A.\; Moreno, Ignacio\; Tsai, Philbert -- Polarization Eigenstates for Twisted-Nematic Liquid-Crystal Displays.pdf:/Users/Santiago/Library/Application Support/Zotero/Profiles/ybv78mdi.default/zotero/storage/SW2PCIHW/Applied Optics Volume 37 issue 5 1998 [doi 10.1364%2FAO.37.000937] Davis, Jeffrey A.\; Moreno, Ignacio\; Tsai, Philbert -- Polarization Eigenstates.pdf:application/pdf;Applied Optics Volume 37 issue 5 1998 [doi 10.1364%2FAO.37.000937] Davis, Jeffrey A.\; Moreno, Ignacio\; Tsai, Philbert -- Polarization Eigenstates for Twisted-Nematic Liquid-Crystal Displays.pdf:/Users/Santiago/Library/Application Support/Zotero/Profiles/ybv78mdi.default/zotero/storage/C75N5RDD/Applied Optics Volume 37 issue 5 1998 [doi 10.1364%2FAO.37.000937] Davis, Jeffrey A.\; Moreno, Ignacio\; Tsai, Philbert -- Polarization Eigenstates.pdf:application/pdf;Davis et al_1998_Polarization eigenstates for twisted-nematic liquid-crystal displays.pdf:/Users/Santiago/Documents/Zotero_attachments//Applied optics/1998/Davis et al_1998_Polarization eigenstates for twisted-nematic liquid-crystal displays.pdf:application/pdf},
	Journal = {Applied optics},
	Number = {5},
	Pages = {937--945},
	Timestamp = {2015-04-10 20:06:39},
	Title = {Polarization eigenstates for twisted-nematic liquid-crystal displays},
	Urldate = {2014-05-18},
	Volume = {37},
	Year = {1998},
	Bdsk-Url-1 = {http://dx.doi.org/10.1364/AO.37.000937}}

@article{Saleh1990,
	Author = {Saleh, Bahaa {EA} and Lu, Kanghua},
	File = {Saleh_Lu_1990_Theory and design of the liquid crystal TV as an optical spatial phase modulator.pdf:/Users/Santiago/Documents/Zotero_attachments//Optical Engineering/1990/Saleh_Lu_1990_Theory and design of the liquid crystal TV as an optical spatial phase modulator.pdf:application/pdf;Theory and design of the liquid crystal TV as an optical spatial phase modulator.pdf:/Users/Santiago/Library/Application Support/Zotero/Profiles/ybv78mdi.default/zotero/storage/V9Z3DRHW/Theory and design of the liquid crystal TV as an optical spatial phase modulator.pdf:application/pdf;Theory and design of the liquid crystal TV as an optical spatial phase modulator.pdf:/Users/Santiago/Library/Application Support/Zotero/Profiles/ybv78mdi.default/zotero/storage/9GAXRGWJ/Theory and design of the liquid crystal TV as an optical spatial phase modulator.pdf:application/pdf},
	Journal = {Optical Engineering},
	Number = {3},
	Pages = {240--246},
	Timestamp = {2015-04-08 21:53:25},
	Title = {Theory and design of the liquid crystal {TV} as an optical spatial phase modulator},
	Url = {http://opticalengineering.spiedigitallibrary.org/article.aspx?articleid=1066772},
	Urldate = {2014-05-20},
	Volume = {29},
	Year = {1990},
	Bdsk-Url-1 = {http://opticalengineering.spiedigitallibrary.org/article.aspx?articleid=1066772}}

@article{Marquez2000,
	Abstract = {We present a model to more accurately describe the optical properties of a twisted nematic liquid crystal display (LCD). In particular, we study the optical properties of molecules near either edge of the LCD that are unable to twist and tilt under the application of an external elec- tric field. The properties of these layers can be deduced from the inten- sity transmittances measured using different configurations of the exter- nal linear polarizers. The agreement between the theoretical and the experimental transmittances is excellent, thus enabling the prediction of the actual modulation for any configuration of the polarizers.},
	Author = {Marquez, Andres and Moreno, Ignacio and Davis, Jeffrey A. and Iemmi, Claudio},
	File = {Characterization of edge effects in twisted nematic liquid crystal displays.pdf:/Users/Santiago/Library/Application Support/Zotero/Profiles/ybv78mdi.default/zotero/storage/QG3ZZFNE/Characterization of edge effects in twisted nematic liquid crystal displays.pdf:application/pdf;Characterization of edge effects in twisted nematic liquid crystal displays.pdf:/Users/Santiago/Library/Application Support/Zotero/Profiles/ybv78mdi.default/zotero/storage/BQ3548V6/Characterization of edge effects in twisted nematic liquid crystal displays.pdf:application/pdf;Moreno et al_2000_Characterization of edge effects in twisted nematic liquid crystal displays.pdf:/Users/Santiago/Documents/Zotero_attachments//Optical Engineering/2000/Moreno et al_2000_Characterization of edge effects in twisted nematic liquid crystal displays.pdf:application/pdf},
	Journal = {Optical Engineering},
	Number = {12},
	Pages = {3301--3307},
	Timestamp = {2015-04-08 21:52:15},
	Title = {Characterization of edge effects in twisted nematic liquid crystal displays},
	Volume = {39},
	Year = {2000}}

@article{Jun2009,
	Author = {Jun, Chen and Deng-Feng, Kuang and Min, Gui and Zhi-Liang, Fang},
	Doi = {10.1088/0256-307X/26/1/014202},
	File = {Chinese Physics Letters Volume 26 issue 1 2009 [doi 10.1088%2F0256-307X%2F26%2F1%2F014202] Jun, Chen\; Deng-Feng, Kuang\; Min, Gui\; Zhi-Liang, Fang -- Generation of Optical Vortex Using a Spiral Phase Plate Fabricated in Quartz by Direct Lase.pdf:/Users/Santiago/Library/Application Support/Zotero/Profiles/ybv78mdi.default/zotero/storage/3KQZVT2C/Chinese Physics Letters Volume 26 issue 1 2009 [doi 10.1088%2F0256-307X%2F26%2F1%2F014202] Jun, Chen\; Deng-Feng, Kuang\; Min, Gui\; Zhi-Liang, Fang.pdf:application/pdf;Jun et al_2009_Generation of optical vortex using a spiral phase plate fabricated in quartz by.pdf:/Users/Santiago/Documents/Zotero_attachments//Chinese Physics Letters/2009/Jun et al_2009_Generation of optical vortex using a spiral phase plate fabricated in quartz by.pdf:application/pdf},
	Journal = {Chinese Physics Letters},
	Number = {1},
	Pages = {014202},
	Timestamp = {2015-04-10 18:48:48},
	Title = {Generation of optical vortex using a spiral phase plate fabricated in quartz by direct laser writing and inductively coupled plasma etching},
	Urldate = {2014-05-24},
	Volume = {26},
	Year = {2009},
	Bdsk-Url-1 = {http://dx.doi.org/10.1088/0256-307X/26/1/014202}}

@article{Carpentier2008,
	Author = {Carpentier, Alicia V. and Michinel, Humberto and Salgueiro, Jose and Olivieri, David},
	Doi = {10.1119/1.2955792},
	File = {Making optical vortices with computer-generated holograms.pdf:/Users/Santiago/Library/Application Support/Zotero/Profiles/ybv78mdi.default/zotero/storage/6RF7CP9Z/Making optical vortices with computer-generated holograms.pdf:application/pdf},
	Issn = {00029505},
	Journal = {American Journal of Physics},
	Language = {en},
	Number = {10},
	Pages = {916},
	Timestamp = {2014-10-15 00:31:31},
	Title = {Making optical vortices with computer-generated holograms},
	Urldate = {2014-05-24},
	Volume = {76},
	Year = {2008},
	Bdsk-Url-1 = {http://dx.doi.org/10.1119/1.2955792}}

@article{Alekseev1998,
	Author = {Alekseev, A. N. and Alekseev, K. N. and Borodavka, O. S. and Volyar, A. V. and Fridman, Yu A.},
	Doi = {10.1134/1.1262248},
	File = {Technical Physics Letters Volume 24 issue 9 1998 [doi 10.1134%2F1.1262248] A. N. Alekseev\; K. N. Alekseev\; O. S. Borodavka\; A. V. Volyar\; Y -- Conversion of Hermite-Gaussian and Laguerre-Gaussian beams in an astigmatic optical system. 1. Ex.pdf:/Users/Santiago/Library/Application Support/Zotero/Profiles/ybv78mdi.default/zotero/storage/7R3QCU9Z/Technical Physics Letters Volume 24 issue 9 1998 [doi 10.1134%2F1.1262248] A. N. Alekseev\; K. N. Alekseev\; O. S. Borodavka\; A. V. Volyar\; Y -- Co.pdf:application/pdf},
	Journal = {Technical Physics Letters},
	Number = {9},
	Pages = {694--696},
	Timestamp = {2015-04-10 18:47:56},
	Title = {Conversion of Hermite-Gaussian and Laguerre-Gaussian beams in an astigmatic optical system. 1. Experiment},
	Urldate = {2014-05-25},
	Volume = {24},
	Year = {1998},
	Bdsk-Url-1 = {http://dx.doi.org/10.1134/1.1262248}}

@article{Coy1996,
	Author = {Coy, Julio A. and Grosz, Diego F. and Marti, Oscar Eduardo},
	Doi = {10.1117/1.600886},
	File = {Characterization of a liquid crystal television as a programmable spatial light modulator.pdf:/Users/Santiago/Library/Application Support/Zotero/Profiles/ybv78mdi.default/zotero/storage/RP2XWFBR/Characterization of a liquid crystal television as a programmable spatial light modulator.pdf:application/pdf;Characterization of a liquid crystal television as a programmable spatial light modulator.pdf:/Users/Santiago/Library/Application Support/Zotero/Profiles/ybv78mdi.default/zotero/storage/5SBKPUG8/Characterization of a liquid crystal television as a programmable spatial light modulator.pdf:application/pdf},
	Journal = {Optical Engineering},
	Number = {1},
	Pages = {15--19},
	Timestamp = {2015-04-10 20:08:43},
	Title = {Characterization of a liquid crystal television as a programmable spatial light modulator},
	Urldate = {2014-06-02},
	Volume = {35},
	Year = {1996},
	Bdsk-Url-1 = {http://dx.doi.org/10.1117/1.600886}}

@article{Zhisheng1998,
	Author = {Zhisheng, Yun and Yulin, Li and Jifang, Liu and Zhengquan, He},
	Doi = {10.1364/AO.37.003069},
	File = {Applied Optics Volume 37 issue 14 1998 [doi 10.1364%2FAO.37.003069] Zhisheng, Yun\; Yulin, Li\; Jifang, Liu\; Zhengquan, He -- Measurement of the Phase Modulation of Liquid-Crystal Televisions by a Noninterferometric Technique.pdf:/Users/Santiago/Library/Application Support/Zotero/Profiles/ybv78mdi.default/zotero/storage/7ZBQ9SSE/Applied Optics Volume 37 issue 14 1998 [doi 10.1364%2FAO.37.003069] Zhisheng, Yun\; Yulin, Li\; Jifang, Liu\; Zhengquan, He -- Measurement of the Ph.pdf:application/pdf},
	Journal = {Applied optics},
	Number = {14},
	Pages = {3069--3075},
	Timestamp = {2015-04-10 21:02:33},
	Title = {Measurement of the phase modulation of liquid-crystal televisions by a noninterferometric technique},
	Urldate = {2014-06-02},
	Volume = {37},
	Year = {1998},
	Bdsk-Url-1 = {http://dx.doi.org/10.1364/AO.37.003069}}

@article{Kirsch1992,
	Author = {Kirsch, James C. and Gregory, Don A. and Thie, Melissa W. and Jones, Brian K.},
	Doi = {10.1117/12.56170},
	File = {Modulation Characteristics of the epson liquid crystal television.pdf:/Users/Santiago/Library/Application Support/Zotero/Profiles/ybv78mdi.default/zotero/storage/89VQ5KWE/Modulation Characteristics of the epson liquid crystal television.pdf:application/pdf},
	Journal = {Optical Engineering},
	Number = {5},
	Pages = {963--970},
	Timestamp = {2015-04-10 21:01:03},
	Title = {Modulation characteristics of the Epson liquid crystal television},
	Urldate = {2014-06-02},
	Volume = {31},
	Year = {1992},
	Bdsk-Url-1 = {http://dx.doi.org/10.1117/12.56170}}
